%1
@misc{zimride,
  title = {Zimride by Enterprise},
  howpublished = {\url{https://zimride.com/}},
}

%2
@article{agatz2012optimization,
  title={Optimization for dynamic ride-sharing: A review},
  author={Agatz, Niels and Erera, Alan and Savelsbergh, Martin and Wang, Xing},
  journal={European Journal of Operational Research},
  volume={223},
  number={2},
  pages={295--303},
  year={2012},
  publisher={Elsevier}
}

%3
@article{arkin2004approximations,
  title={Approximations for maximum transportation with permutable supply vector and other capacitated star packing problems},
  author={Arkin, Esther M and Hassin, Refael and Rubinstein, Shlomi and Sviridenko, Maxim},
  journal={Algorithmica},
  volume={39},
  number={2},
  pages={175--187},
  year={2004},
  publisher={Springer}
}

%4
@incollection{bar2015improved,
  title={Improved approximation algorithms for weighted 2-path partitions},
  author={Bar-Noy, Amotz and Peleg, David and Rabanca, George and Vigan, Ivo},
  booktitle={Algorithms-ESA 2015},
  pages={953--964},
  year={2015},
  publisher={Springer}
}


%5
@article{BFNS15,
  author    = {Niv Buchbinder and Moran Feldman and Joseph Naor and
               Roy Schwartz},
  title     = {A Tight Linear Time (1/2)-Approximation for Unconstrained Submodular
               Maximization},
  journal   = {{SIAM} J. Comput.},
  volume    = {44},
  number    = {5},
  pages     = {1384--1402},
  year      = {2015},
}

%6
@article{chandra2001greedy,
  title={Greedy local improvement and weighted set packing approximation},
  author={Chandra, Barun and Halld{\'o}rsson, Magn{\'u}s M},
  journal={Journal of Algorithms},
  volume={39},
  number={2},
  pages={223--240},
  year={2001},
  publisher={Elsevier}
}

%7
@incollection{chen2007improved,
  title={Improved approximation algorithms for the spanning star forest problem},
  author={Chen, Ning and Engelberg, Roee and Nguyen, C Thach and Raghavendra, Prasad and Rudra, Atri and Singh, Gyanit},
  booktitle={Approximation, Randomization, and Combinatorial Optimization. Algorithms and Techniques},
  pages={44--58},
  year={2007},
  publisher={Springer}
}

%8
@article{hartman2013optimal,
  journal={Draft},
  title={Optimal assignment for carpooling-DRAFT},
  author={Hartman, Irith Ben-Arroyo},
  year={2013}
}

%9
@article{hartman2014theory,
  title={Theory and practice in large carpooling problems},
  author={Hartman, Irith Ben-Arroyo and Keren, Daniel and Dbai, Abed Abu and Cohen, Elad and Knapen, Luk and Janssens, Davy and others},
  journal={Procedia Computer Science},
  volume={32},
  pages={339--347},
  year={2014},
  publisher={Elsevier}
}

%10
@article{knapen2013estimating,
  title={Estimating scalability issues while finding an optimal assignment for carpooling},
  author={Knapen, Luk and Keren, Daniel and Cho, Sungjin and Bellemans, Tom and Janssens, Davy and Wets, Geert and others},
  journal={Procedia Computer Science},
  volume={19},
  pages={372--379},
  year={2013},
  publisher={Elsevier}
}

%11
@article{knapen2014exploiting,
  title={Exploiting graph-theoretic tools for matching in carpooling applications},
  author={Knapen, Luk and Yasar, Ansar and Cho, Sungjin and Keren, Daniel and Dbai, Abed Abu and Bellemans, Tom and Janssens, Davy and Wets, Geert and Schuster, Assaf and Sharfman, Izchak and others},
  journal={Journal of Ambient Intelligence and Humanized Computing},
  volume={5},
  number={3},
  pages={393--407},
  year={2014},
  publisher={Springer}
}

%12
@misc{kutiel2016,
Author = {Gilad Kutiel},
Title = {Approximation Algorithms for the Maximum Carpool Matching Problem},
Year = {2016},
Eprint = {arXiv:1604.05609},
}

%13
@article{nguyen2008approximating,
  title={Approximating the spanning star forest problem and its application to genomic sequence alignment},
  author={Nguyen, C Thach and Shen, Jian and Hou, Minmei and Sheng, Li and Miller, Webb and Zhang, Louxin},
  journal={SIAM Journal on Computing},
  volume={38},
  number={3},
  pages={946--962},
  year={2008},
  publisher={SIAM}
}

@inproceedings{PapYan88,
  title={Optimization, approximation, and complexity classes},
  author={Papadimitriou, Christos and Yannakakis, Mihalis},
  booktitle={12th annual {ACM} symposium on Theory of computing},
  pages={229--234},
  year={1988},
}

@inproceedings{buchbinder2016deterministic,
  title={Deterministic algorithms for submodular maximization problems},
  author={Buchbinder, Niv and Feldman, Moran},
  booktitle={Proceedings of the Twenty-Seventh Annual ACM-SIAM Symposium on Discrete Algorithms},
  pages={392--403},
  year={2016},
  organization={Society for Industrial and Applied Mathematics}
}
